<record><leader>00000cas a2200000Ma 4500</leader><controlfield tag="001">11055192</controlfield><controlfield tag="008">840815d18361839inuwr ne      0    0eng d</controlfield><datafield ind1=" " ind2=" " tag="010"><subfield code="a">sn 84023890 </subfield></datafield><datafield ind1=" " ind2=" " tag="040"><subfield code="a">AQM</subfield><subfield code="b">eng</subfield><subfield code="c">AQM</subfield><subfield code="d">OCLCQ</subfield></datafield><datafield ind1="0" ind2=" " tag="130"><subfield code="a">Wayne County chronicle (Centreville, Ind. : 1836)</subfield></datafield><datafield ind1="1" ind2="0" tag="245"><subfield code="a">Wayne County chronicle.</subfield></datafield><datafield ind1=" " ind2=" " tag="260"><subfield code="a">Centreville, Ind. :</subfield><subfield code="b">Samuel K. Hoshour</subfield></datafield><datafield ind1=" " ind2=" " tag="310"><subfield code="a">Weekly</subfield></datafield><datafield ind1="1" ind2=" " tag="362"><subfield code="a">Began in Oct. 1836.</subfield></datafield><datafield ind1="1" ind2=" " tag="362"><subfield code="a">Ceased after Sept. 1839.</subfield></datafield><datafield ind1=" " ind2=" " tag="588"><subfield code="a">Description based on: Vol. 1, no. 12 (Mar. 24, 1837).</subfield></datafield><datafield ind1=" " ind2="7" tag="655"><subfield code="a">Newspapers.</subfield><subfield code="2">rbgenr</subfield></datafield><datafield ind1=" " ind2=" " tag="752"><subfield code="a">United States</subfield><subfield code="b">Indiana</subfield><subfield code="c">Wayne</subfield><subfield code="d">Centerville.</subfield></datafield><datafield ind1="0" ind2="0" tag="780"><subfield code="t">People's advocate (Centreville, Ind.)</subfield><subfield code="w">(DLC)sn 86058203</subfield></datafield><datafield ind1="1" ind2=" " tag="029"><subfield code="a">AU@</subfield><subfield code="b">000025829166</subfield></datafield></record>